@article{holzmann1997model,
  title={The model checker SPIN},
  author={Holzmann, G.J.},
  journal={Software Engineering, IEEE Transactions on},
  volume={23},
  number={5},
  pages={279--295},
  year={1997},
  publisher={IEEE}
}

@article{werner2010correctness,
  title={Correctness of sensor network applications by software bounded model checking},
  author={Werner, F. and Farag{\'o}, D.},
  journal={Formal Methods for Industrial Critical Systems},
  pages={115--131},
  year={2010},
  publisher={Springer}
}

@inproceedings{post2007integrated,
  title={Integrated static analysis for Linux device driver verification},
  author={Post, H. and K{\"u}chlin, W.},
  booktitle={Integrated Formal Methods},
  pages={518--537},
  year={2007},
  organization={Springer}
}

@inproceedings{vasudevan2008static,
  title={Static deadlock detection for the SHIM concurrent language},
  author={Vasudevan, N. and Edwards, S.A.},
  booktitle={Formal Methods and Models for Co-Design, 2008. MEMOCODE 2008. 6th ACM/IEEE International Conference on},
  pages={49--58},
  year={2008},
  organization={IEEE}
}

@inproceedings{Een:2007:ALS:1768142.1768168,
  title={Applying logic synthesis for speeding up SAT},
  author={Een, N. and Mishchenko, A. and S{\"o}rensson, N.},
  journal={Theory and Applications of Satisfiability Testing--SAT 2007},
  pages={272--286},
  year={2007},
  publisher={Springer}
}

@article{Malik:2009:BST:1536616.1536637,
  title={Boolean satisfiability from theoretical hardness to practical success},
  author={Malik, S. and Zhang, L.},
  journal={Communications of the ACM},
  volume={52},
  number={8},
  pages={76--82},
  year={2009},
  publisher={ACM}
}

@ARTICLE{Hamadi09manysat:a,
    author = {Youssef Hamadi and Lakhdar Sais},
    title = {ManySAT: a parallel SAT solver},
    journal = {JOURNAL ON SATISFIABILITY, BOOLEAN MODELING AND COMPUTATION (JSAT)},
    year = {2009},
    volume = {6}
}

@ARTICLE{Clarke86automaticverification,
    author = {E. M. Clarke and E. A. Emerson and A. P. Sistla},
    title = {Automatic verification of finite-state concurrent systems using temporal logic specifications},
    journal = {ACM Transactions on Programming Languages and Systems},
    year = {1986},
    volume = {8},
    pages = {244--263}
}

@INPROCEEDINGS{Clarke04atool,
    author = {Edmund Clarke and Daniel Kroening and Flavio Lerda},
    title = {A tool for checking ANSI-C programs},
    booktitle = {In Tools and Algorithms for the Construction and Analysis of Systems},
    year = {2004},
    pages = {168--176},
    publisher = {Springer}
}

@misc{website:cprover:cbmc:applications,
      author = "Daniel Kroening",
      title = "The CBMC applications",
      month = "May",
      year = 2012,
      howpublished = "\url{http://www.cprover.org/cbmc/applications.shtml}"
}

@misc{website:cprover:cbmc,
      author = "Daniel Kroening",
      title = "The CBMC Homepage",
      month = "May",
      year = 2012,
      howpublished = "\url{http://www.cprover.org/cbmc/}"
}

@misc{website:dspc,
      author = "DSP-C",
      title = "An extension to ISO C",
      month = "May",
      year = 2012,
      howpublished = "\url{http://www.dsp-c.org/}"
}

@misc{website:dspc:specification,
      author = "DSP-C Speification",
      title = "An extension to ISO C",
      month = "May",
      year = 2012,
      howpublished = "\url{http://www.open-std.org/JTC1/SC22/WG14/www/docs/n854.pdf}"
}

@article{dspcbenifits,
 author = {Roodzant, M.},
 title = {Real-time DSP Applications Benefit from High-Level Language Compilation},
 journal = {REAL TIME MAGAZINE},
 year = {1999},
 issn = {1018-0303},
 pages = {40},
 publisher = {EAL-TIME CONSULT},
 address = {Belgium}
} 


@article{Donaldson:2011:AAD:2034876.2034900,
 author = {Donaldson, Alastair F. and Kroening, Daniel and R\"{u}mmer, Philipp},
 title = {Automatic analysis of DMA races using model checking and k-induction},
 journal = {Form. Methods Syst. Des.},
 issue_date = {August    2011},
 volume = {39},
 number = {1},
 month = aug,
 year = {2011},
 issn = {0925-9856},
 pages = {83--113},
 numpages = {31},
 url = {http://dx.doi.org/10.1007/s10703-011-0124-2},
 doi = {10.1007/s10703-011-0124-2},
 acmid = {2034900},
 publisher = {Kluwer Academic Publishers},
 address = {Hingham, MA, USA},
 keywords = {Cell BE, DMA, Model checking, Multicore programming, k-induction},
} 

@INPROCEEDINGS{Ivančić04efficientsat-based,
    author = {F. Ivančić and Z. Yang and M. K. Ganai and A. Gupta and P. Ashar},
    title = {Efficient SAT-based bounded model checking for software verification},
    booktitle = {in Symposium on Leveraging Formal Methods in Applications},
    year = {2004}
}

@INPROCEEDINGS{Rabinovitz05boundedmodel,
    author = {Ishai Rabinovitz and Orna Grumberg},
    title = {Bounded model checking of concurrent programs},
    booktitle = {In Computer-Aided Verification (CAV), LNCS 3576},
    year = {2005},
    pages = {82--97},
    publisher = {Springer}
}

@INPROCEEDINGS{Qadeer05context-boundedmodel,
    author = {Shaz Qadeer and Jakob Rehof},
    title = {Context-bounded model checking of concurrent software},
    booktitle = {In TACAS},
    year = {2005},
    pages = {93--107},
    publisher = {Springer}
}

@INPROCEEDINGS{6062217, 
author={Cordeiro, L.}, 
booktitle={Software Engineering, 2010 ACM/IEEE 32nd International Conference on}, title={SMT-based bounded model checking for multi-threaded software in embedded systems}, 
year={2010}, 
month={may}, 
volume={2}, 
number={}, 
pages={373 -376}, 
keywords={SMT-based BMC formulation;SMT-based bounded model checking;combinatorial state space explosion;computer aided verification;embedded system;multicore processor;multithreaded software;program verification;proof objects;single-core processor;state variable;combinatorial mathematics;computer aided software engineering;embedded systems;multi-threading;multiprocessing systems;program verification;}, 
doi={10.1145/1810295.1810396}, 
ISSN={0270-5257},}

@article{Meyer:1992:ADC:618974.619797,
 author = {Meyer, Bertrand},
 title = {Applying "Design by Contract"},
 journal = {Computer},
 issue_date = {October 1992},
 volume = {25},
 number = {10},
 month = oct,
 year = {1992},
 issn = {0018-9162},
 pages = {40--51},
 numpages = {12},
 url = {http://dx.doi.org/10.1109/2.161279},
 doi = {10.1109/2.161279},
 acmid = {619797},
 publisher = {IEEE Computer Society Press},
 address = {Los Alamitos, CA, USA},
}

@MISC{Hoare04communicatingsequential,
    author = {C. A. R. Hoare},
    title = {Communicating Sequential Processes},
    year = {2004}
}

@article{Apt:1981:TYH:357146.357150,
  title={Ten years of Hoare's logic: A survey - Part I},
  author={Apt, K.R.},
  journal={ACM Transactions on Programming Languages and Systems (TOPLAS)},
  volume={3},
  number={4},
  pages={431--483},
  year={1981},
  publisher={ACM}
}

@inproceedings{Clarke:1981:DSS:648063.747438,
 author = {Clarke, Edmund M. and Emerson, E. Allen},
 title = {Design and Synthesis of Synchronization Skeletons Using Branching-Time Temporal Logic},
 booktitle = {Logic of Programs, Workshop},
 year = {1982},
 isbn = {3-540-11212-X},
 pages = {52--71},
 numpages = {20},
 url = {http://dl.acm.org/citation.cfm?id=648063.747438},
 acmid = {747438},
 publisher = {Springer-Verlag},
 address = {London, UK, UK},
}


@inproceedings{Emerson:1980:CCP:646234.682526,
 author = {Emerson, E. Allen and Clarke, Edmund M.},
 title = {Characterizing Correctness Properties of Parallel Programs Using Fixpoints},
 booktitle = {Proceedings of the 7th Colloquium on Automata, Languages and Programming},
 year = {1980},
 isbn = {3-540-10003-2},
 pages = {169--181},
 numpages = {13},
 url = {http://dl.acm.org/citation.cfm?id=646234.682526},
 acmid = {682526},
 publisher = {Springer-Verlag},
 address = {London, UK, UK},
} 

@inproceedings{VardiW86,
  added-at = {2010-04-21T11:10:11.000+0200},
  author = {Vardi, Moshe Y. and Wolper, Pierre},
  bibsource = {DBLP, http://dblp.uni-trier.de},
  biburl = {http://www.bibsonomy.org/bibtex/28d232212a1aa6c456637d00dac2a4b99/giuliano.losa},
  booktitle = {LICS},
  interhash = {7cb6157371d56429f7181decd557d1b9},
  intrahash = {8d232212a1aa6c456637d00dac2a4b99},
  keywords = {coverability orders safety verification},
  pages = {332-344},
  timestamp = {2010-04-21T11:10:11.000+0200},
  title = {An Automata-Theoretic Approach to Automatic Program Verification
               (Preliminary Report)},
  year = 1986
}

@article{Bryant:1986:GAB:6432.6433,
  title={Graph-based algorithms for boolean function manipulation},
  author={Bryant, R.E.},
  journal={Computers, IEEE Transactions on},
  volume={100},
  number={8},
  pages={677--691},
  year={1986},
  publisher={IEEE}
}

@MISC{Burch90symbolicmodel,
    author = {J. R. Burch and E. M. Clarke and K. L. Mcmillan and D. L. Dill and L. J. Hwang},
    title = {Symbolic Model Checking: 10 20 States and Beyond},
    year = {1990}
}

@inproceedings{Balarin:1993:IAL:647762.735495,
  title={An iterative approach to language containment},
  author={Balarin, F. and Sangiovanni-Vincentelli, A.},
  booktitle={Computer Aided Verification},
  pages={29--40},
  year={1993},
  organization={Springer}
}

@article{Pixley:1992:ECS:113938.149645,
  title={Exact calculation of synchronizing sequences based on binary decision diagrams},
  author={Pixley, C. and Jeong, S.W. and Hachtel, G.D.},
  journal={Computer-Aided Design of Integrated Circuits and Systems, IEEE Transactions on},
  volume={13},
  number={8},
  pages={1024--1034},
  year={1994},
  publisher={IEEE}
}

@inproceedings{springerlink:10.1007-3-540-44577-3-12,
  title={Progress on the state explosion problem in model checking},
  author={Clarke, E. and Grumberg, O. and Jha, S. and Lu, Y. and Veith, H.},
  booktitle={Informatics},
  pages={176--194},
  year={2001},
  organization={Springer}
}


@article{DeMoura:2011:SMT:1995376.1995394,
  title={Satisfiability modulo theories: introduction and applications},
  author={De Moura, L. and Bj{\o}rner, N.},
  journal={Communications of the ACM},
  volume={54},
  number={9},
  pages={69--77},
  year={2011},
  publisher={ACM}
}

@article{Davis:1962:MPT:368273.368557,
  title={A machine program for theorem-proving},
  author={Davis, M. and Logemann, G. and Loveland, D.},
  journal={Communications of the ACM},
  volume={5},
  number={7},
  pages={394--397},
  year={1962},
  publisher={ACM}
}

@article{Staats:2008:PTV:1482985.1483006,
  title={Partial translation verification for untrusted code-generators},
  author={Staats, M. and Heimdahl, M.},
  journal={Formal Methods and Software Engineering},
  pages={226--237},
  year={2008},
  publisher={Springer}
}

@article{springerlink:10.1007/978-3-540-88479-8_30,
  title={Measurement-based timing analysis},
  author={Wenzel, I. and Kirner, R. and Rieder, B. and Puschner, P.},
  journal={Leveraging Applications of Formal Methods, Verification and Validation},
  pages={430--444},
  year={2009},
  publisher={Springer}
}

@techreport{Kim_usinga,
  title={Using a model checker to determine worst-case execution time},
  author={Kim, S. and Patel, H.D. and Edwards, S.A.},
  year={2009},
  institution={Citeseer}
}

@ARTICLE{Hoare03theverifying,
    author = {Tony Hoare},
    title = {The Verifying Compiler: A Grand Challenge for Computing Research},
    journal = {Journal of the ACM},
    year = {2003},
    volume = {50},
    pages = {2003}
}

@book{3540741046,
  Author = {Daniel Kroening and Ofer Strichman},
  Title = {Decision Procedures: An Algorithmic Point of View (Texts in Theoretical Computer Science. An EATCS Series)},
  Publisher = {Springer},
  Year = {2008},
  ISBN = {3540741046},
}

@techreport{clarke2006ansi,
  title={ANSI-C bounded model checker user manual},
  author={Clarke, E. and Kroening, D.},
  year={2006},
  institution={Technical report, School of Computer Science, Carnegie Mellon University}
}

@inproceedings{verma2004dynamic,
  title={Dynamic overlay of scratchpad memory for energy minimization},
  author={Verma, M. and Wehmeyer, L. and Marwedel, P.},
  booktitle={Proceedings of the 2nd IEEE/ACM/IFIP international conference on Hardware/software codesign and system synthesis},
  pages={104--109},
  year={2004},
  organization={ACM}
}

@article{clarke1996formal,
  title={Formal methods: State of the art and future directions},
  author={Clarke, E.M. and Wing, J.M.},
  journal={ACM Computing Surveys (CSUR)},
  volume={28},
  number={4},
  pages={626--643},
  year={1996},
  publisher={ACM}
}

@article{hall1990seven,
  title={Seven myths of formal methods},
  author={Hall, A.},
  journal={Software, IEEE},
  volume={7},
  number={5},
  pages={11--19},
  year={1990},
  publisher={IEEE}
}


@article{zhu1997software,
  title={Software unit test coverage and adequacy},
  author={Zhu, H. and Hall, P.A.V. and May, J.H.R.},
  journal={ACM Computing Surveys (CSUR)},
  volume={29},
  number={4},
  pages={366--427},
  year={1997},
  publisher={ACM}
}

@article{godefroid2005software,
  title={Software model checking: The VeriSoft approach},
  author={Godefroid, P.},
  journal={Formal Methods in System Design},
  volume={26},
  number={2},
  pages={77--101},
  year={2005},
  publisher={Springer}
}

@article{biere2003bounded,
  title={Bounded model checking},
  author={Biere, A. and Cimatti, A. and Clarke, E.M. and Strichman, O. and Zhu, Y.},
  journal={Advances in computers},
  volume={58},
  pages={117--148},
  year={2003},
  publisher={Elsevier}
}

@book{overton2001numerical,
  title={Numerical computing with IEEE floating point arithmetic},
  author={Overton, M.L.},
  year={2001},
  publisher={Siam}
}

@inproceedings{tiwari1995power,
  title={Power analysis of a 32-bit embedded microcontroller},
  author={Tiwari, V. and Tien-Chien Lee, M.},
  booktitle={Design Automation Conference, 1995. Proceedings of the ASP-DAC'95/CHDL'95/VLSI'95., IFIP International Conference on Hardware Description Languages; IFIP International Conference on Very Large Scale Integration., Asian and South Pacific},
  pages={141--148},
  year={1995},
  organization={IEEE}
}

@inproceedings{clarke1997model,
  title={Model checking},
  author={Clarke, E.},
  booktitle={Foundations of software technology and theoretical computer science},
  pages={54--56},
  year={1997},
  organization={Springer}
}

@inproceedings{brace1991efficient,
  title={Efficient implementation of a BDD package},
  author={Brace, K.S. and Rudell, R.L. and Bryant, R.E.},
  booktitle={Proceedings of the 27th ACM/IEEE design automation conference},
  pages={40--45},
  year={1991},
  organization={ACM}
}

@inproceedings{moskewicz2001chaff,
  title={Chaff: Engineering an efficient SAT solver},
  author={Moskewicz, M.W. and Madigan, C.F. and Zhao, Y. and Zhang, L. and Malik, S.},
  booktitle={Proceedings of the 38th annual Design Automation Conference},
  pages={530--535},
  year={2001},
  organization={ACM}
}

@book{kroening2008decision,
  title={Decision procedures: an algorithmic point of view},
  author={Kroening, D. and Strichman, O.},
  year={2008},
  publisher={Springer-Verlag New York Inc}
}

@book{hennessy2011computer,
  title={Computer architecture: a quantitative approach},
  author={Hennessy, J.L. and Patterson, D.A.},
  year={2011},
  publisher={Morgan Kaufmann Pub}
}

@article{flynn1966very,
  title={Very high-speed computing systems},
  author={Flynn, M.J.},
  journal={Proceedings of the IEEE},
  volume={54},
  number={12},
  pages={1901--1909},
  year={1966},
  publisher={IEEE}
}

@article{hagersten1992ddm,
  title={DDM-a cache-only memory architecture},
  author={Hagersten, E. and Landin, A. and Haridi, S.},
  journal={Computer},
  volume={25},
  number={9},
  pages={44--54},
  year={1992},
  publisher={IEEE}
}

@article{clarke2008birth,
  title={The birth of model checking},
  author={Clarke, E.},
  journal={25 Years of Model Checking},
  pages={1--26},
  year={2008},
  publisher={Springer}
}

@article{hooker1988quantitative,
  title={A quantitative approach to logical inference},
  author={Hooker, J.N.},
  journal={Decision Support Systems},
  volume={4},
  number={1},
  pages={45--69},
  year={1988},
  publisher={Elsevier}
}


